<?xml version="1.0" encoding="UTF-8"?><collection xmlns="http://www.loc.gov/MARC21/slim"><record><leader>00607nam--2200181-i-4500</leader><controlfield tag="001">000005183</controlfield><controlfield tag="002">20161230</controlfield><controlfield tag="005">20161230201026</controlfield><controlfield tag="008">060222s1000------------r-----000-0-eng-d</controlfield><datafield ind1=" " ind2=" " tag="040"><subfield code="a">IFIN-HH</subfield></datafield><datafield ind1=" " ind2=" " tag="080"><subfield code="a">539.2:669.017</subfield></datafield><datafield ind1="1" ind2=" " tag="100"><subfield code="a">Sivertsen, J.M</subfield></datafield><datafield ind1="1" ind2="0" tag="245"><subfield code="a">Progress in materials science vol. 9 nr. 5 the structure and properties of solid solutions</subfield><subfield code="b">Incorporating progress in metal physics. ed. bruce chalmers</subfield><subfield code="c">J.m. sivertsen, m.e. nicholson</subfield></datafield><datafield ind1=" " ind2=" " tag="260"><subfield code="a">New York</subfield><subfield code="b">Pergamon Press</subfield><subfield code="c">1961</subfield></datafield><datafield ind1=" " ind2=" " tag="300"><subfield code="a">/302P./389P</subfield></datafield><datafield ind1="1" ind2=" " tag="700"><subfield code="a">Nicholson, M.E</subfield></datafield><datafield ind1=" " ind2=" " tag="852"><subfield code="a">10017</subfield><subfield code="c">539.2</subfield></datafield><datafield ind1=" " ind2=" " tag="CAT"><subfield code="a">Sys</subfield><subfield code="c">20120720</subfield><subfield code="h">103057</subfield></datafield></record></collection>